
@book{flanders_differential_1989,
	edition = {Second},
	series = {Dover {Books} on {Advanced} {Mathematics}},
	title = {Differential forms with applications to the physical sciences},
	isbn = {978-0-486-66169-8},
	url = {https://mathscinet.ams.org/mathscinet-getitem?mr=1034244},
	urldate = {2020-09-22},
	publisher = {Dover Publications, Inc., New York},
	author = {Flanders, Harley},
	year = {1989},
	mrnumber = {1034244}
}

@book{aguilar_matematicas_2009,
	title = {Matemáticas simplificadas 2ª edición, {CONAMAT}},
	publisher = {México: Pearson},
	author = {Aguilar, A.},
	year = {2009}
}

@book{granville_calculo_1980,
	title = {Cálculo diferencial e integral},
	number = {515.307 G735.},
	publisher = {Limusa {\textasciicircum} eD. F DF},
	author = {Granville, William Anthony and Smith, Percey F. and Longley, William Raymond and Byington, Steven T.},
	year = {1980},
	file = {Full Text:/home/victor/Zotero/storage/C3GYLGBV/Granville et al. - 1980 - Cálculo diferencial e integral.pdf:application/pdf}
}
